<record><leader>00000cas a2200000 a 4500</leader><controlfield tag="001">34923933</controlfield><controlfield tag="008">960613d19881989iludr ne      0   a0eng c</controlfield><datafield ind1=" " ind2=" " tag="010"><subfield code="a">sn 96071069 </subfield></datafield><datafield ind1=" " ind2=" " tag="040"><subfield code="a">NVF</subfield><subfield code="b">eng</subfield><subfield code="c">NVF</subfield><subfield code="d">NVF</subfield><subfield code="d">OCLCQ</subfield><subfield code="d">NVF</subfield><subfield code="d">OCLCF</subfield><subfield code="d">OCLCO</subfield><subfield code="d">OCLCA</subfield></datafield><datafield ind1="1" ind2=" " tag="029"><subfield code="a">AU@</subfield><subfield code="b">000012570421</subfield></datafield><datafield ind1=" " ind2=" " tag="042"><subfield code="a">pcc</subfield></datafield><datafield ind1=" " ind2=" " tag="043"><subfield code="a">n-us-il</subfield></datafield><datafield ind1="0" ind2=" " tag="130"><subfield code="a">Decatur herald &amp; review (Decatur, Ill. : 1988)</subfield></datafield><datafield ind1="1" ind2="4" tag="245"><subfield code="a">The Decatur herald &amp; review.</subfield></datafield><datafield ind1="3" ind2=" " tag="246"><subfield code="a">Decatur herald and review</subfield></datafield><datafield ind1=" " ind2=" " tag="260"><subfield code="a">Decatur, Ill. :</subfield><subfield code="b">Herald &amp; Review,</subfield><subfield code="c">1988-1989.</subfield></datafield><datafield ind1=" " ind2=" " tag="300"><subfield code="a">v.</subfield></datafield><datafield ind1=" " ind2=" " tag="310"><subfield code="a">Daily</subfield></datafield><datafield ind1="0" ind2=" " tag="362"><subfield code="a">115th year, issue 11 (Jan. 11, 1988)-116th year, issue 29 (Jan. 29, 1989).</subfield></datafield><datafield ind1=" " ind2=" " tag="515"><subfield code="a">Continues the numbering of Herald &amp; review (Decatur, Ill. : 1982).</subfield></datafield><datafield ind1=" " ind2="0" tag="651"><subfield code="a">Decatur (Ill.)</subfield><subfield code="v">Newspapers.</subfield></datafield><datafield ind1=" " ind2="7" tag="655"><subfield code="a">Newspapers.</subfield><subfield code="2">fast</subfield><subfield code="0">(OCoLC)fst01423814</subfield></datafield><datafield ind1=" " ind2="7" tag="651"><subfield code="a">Illinois</subfield><subfield code="z">Decatur.</subfield><subfield code="2">fast</subfield><subfield code="0">(OCoLC)fst01208165</subfield></datafield><datafield ind1=" " ind2=" " tag="752"><subfield code="a">United States</subfield><subfield code="b">Illinois</subfield><subfield code="c">Macon</subfield><subfield code="d">Decatur.</subfield></datafield><datafield ind1="0" ind2="0" tag="780"><subfield code="t">Herald &amp; review (Decatur, Ill. : 1982)</subfield><subfield code="w">(DLC)sn 90054710</subfield><subfield code="w">(OCoLC)22718837</subfield></datafield><datafield ind1="0" ind2="0" tag="785"><subfield code="t">Herald &amp; review (Decatur, Ill. : 1989)</subfield><subfield code="w">(DLC)sn 96071070</subfield><subfield code="w">(OCoLC)34924722</subfield></datafield></record>